@book{Pierce2002,
  author="Benjamin Pierce",
  title="Types and Programming Languages",
  year=2002, publisher="MIT Press"}

@article{DBLP:journals/jcss/Milner78,
  author    = {Robin Milner},
  title     = {A Theory of Type Polymorphism in Programming},
  journal   = {J. Comput. Syst. Sci.},
  volume    = {17},
  number    = {3},
  pages     = {348--375},
  year      = {1978}
}

@InProceedings{tstools2017,
  author    = "Kristensen, Erik Krogh and M{\o}ller, Anders",
  editor    = "Huisman, Marieke and Rubin, Julia",
  title     = "Inference and Evolution of {T}ype{S}cript Declaration Files",
  booktitle = "Fundamental Approaches to Software Engineering",
  year      = "2017",
  publisher = "Springer",
  address   = "Berlin, Heidelberg",
  pages     = "99--115",
  month     = apr,
  isbn      = "978-3-662-54494-5",
  doi       = "10.1007/978-3-662-54494-5_6"
}

@inproceedings{xu16,
    author = {Xu, Zhaogui and Zhang, Xiangyu and Chen, Lin and Pei, Kexin and Xu, Baowen},
    title = {Python Probabilistic Type Inference with Natural Language Support},
    booktitle = {ACM SIGSOFT International Symposium on Foundations of Software Engineering},
    year = {2016},
    pages = {607--618},
    publisher = {ACM},
    address = {New York, NY, USA},
    doi = {10.1145/2950290.2950343},
}

@inproceedings{typedevil,
 author = {Pradel, Michael and Schuh, Parker and Sen, Koushik},
 title = {TypeDevil: Dynamic Type Inconsistency Analysis for JavaScript},
 booktitle = {Proceedings of the 37th International Conference on Software Engineering - Volume 1},
 series = {ICSE '15},
 year = {2015},
 isbn = {978-1-4799-1934-5},
 location = {Florence, Italy},
 pages = {314--324},
 numpages = {11},
 url = {http://dl.acm.org/citation.cfm?id=2818754.2818795},
 acmid = {2818795},
 publisher = {IEEE},
 address = {Piscataway, NJ, USA}
}

@inproceedings{raychev15,
 author = {Raychev, Veselin and Vechev, Martin and Krause, Andreas},
 title = {Predicting Program Properties from "Big Code"},
 booktitle = {SIGPLAN-SIGACT Symposium on Principles of Programming Languages},
 year = {2015},
 location = {Mumbai, India},
 pages = {111--124},
 doi = {10.1145/2676726.2677009},
 publisher = {ACM},
 address = {New York, NY, USA}
}

@inproceedings{hellendoorn18,
 author = {Hellendoorn, Vincent J. and Bird, Christian and Barr, Earl T. and Allamanis, Miltiadis},
 title = {Deep Learning Type Inference},
 booktitle = {ACM Joint Meeting on European Software Engineering Conference and Symposium on the Foundations of Software Engineering},
 series = {ESEC/FSE 2018},
 year = {2018},
 pages = {152--162},
 doi = {10.1145/3236024.3236051},
 publisher = {ACM},
 address = {New York, NY, USA}
} 

@inproceedings{malik19,
 author = {Malik, Rabee Sohail and Patra, Jibesh and Pradel, Michael},
 title = {NL2Type: Inferring JavaScript Function Types from Natural Language Information},
 booktitle = {International Conference on Software Engineering},
 year = {2019},
 pages = {304--315},
 doi = {10.1109/ICSE.2019.00045},
 publisher = {IEEE},
 address = {Piscataway, NJ, USA}
}

@InProceedings{jensen2009,
    author = {Jensen, Simon Holm and M{\o}ller, Anders and Thiemann, Peter},
    editor="Palsberg, Jens and Su, Zhendong",
    title = {Type Analysis for {J}ava{S}cript},
    booktitle = {Static Analysis},
    year = {2009},
    month = aug,
    pages = {238--255},
    publisher = {Springer},
    address = {Berlin, Heidelberg},
    doi = {10.1007/978-3-642-03237-0_17}
}


@inproceedings{liquid,
 author = {Rondon, Patrick M. and Kawaguci, Ming and Jhala, Ranjit},
 title = {Liquid Types},
 booktitle = {Proceedings of the 29th ACM SIGPLAN Conference on Programming Language Design and Implementation},
 series = {PLDI '08},
 year = {2008},
 isbn = {978-1-59593-860-2},
 location = {Tucson, AZ, USA},
 pages = {159--169},
 numpages = {11},
 url = {http://doi.acm.org/10.1145/1375581.1375602},
 doi = {10.1145/1375581.1375602},
 acmid = {1375602},
 publisher = {ACM},
 address = {New York, NY, USA},
 keywords = {dependent types, hindley-milner, predicate abstraction, type inference},
} 

@article{semanticSMT,
  author    = {Gavin M. Bierman and
               Andrew D. Gordon and
               Catalin Hritcu and
               David E. Langworthy},
  title     = {Semantic subtyping with an {SMT} solver},
  journal   = {J. Funct. Program.},
  volume    = {22},
  number    = {1},
  pages     = {31--105},
  year      = {2012},
  url       = {https://doi.org/10.1017/S0956796812000032},
  doi       = {10.1017/S0956796812000032},
  timestamp = {Sat, 27 May 2017 14:24:34 +0200},
  biburl    = {http://dblp.org/rec/bib/journals/jfp/BiermanGHL12},
  bibsource = {dblp computer science bibliography, http://dblp.org}
}

@inproceedings{refHaskell,
 author = {Vazou, Niki and Seidel, Eric L. and Jhala, Ranjit and Vytiniotis, Dimitrios and Peyton-Jones, Simon},
 title = {Refinement Types for Haskell},
 booktitle = {Proceedings of the 19th ACM SIGPLAN International Conference on Functional Programming},
 series = {ICFP '14},
 year = {2014},
 isbn = {978-1-4503-2873-9},
 location = {Gothenburg, Sweden},
 pages = {269--282},
 numpages = {14},
 url = {http://doi.acm.org/10.1145/2628136.2628161},
 doi = {10.1145/2628136.2628161},
 acmid = {2628161},
 publisher = {ACM},
 address = {New York, NY, USA},
} 

@inproceedings{dependentJS,
 author = {Chugh, Ravi and Herman, David and Jhala, Ranjit},
 title = {Dependent Types for JavaScript},
 booktitle = {Proceedings of the ACM International Conference on Object Oriented Programming Systems Languages and Applications},
 series = {OOPSLA '12},
 year = {2012},
 isbn = {978-1-4503-1561-6},
 location = {Tucson, Arizona, USA},
 pages = {587--606},
 numpages = {20},
 doi = {10.1145/2384616.2384659},
 acmid = {2384659},
 publisher = {ACM},
 address = {New York, NY, USA},
 keywords = {JavaScript, arrays, prototype inheritance, refinement types, strong updates},
} 

@InProceedings{understandtypescript,
  author    = "Bierman, Gavin and Abadi, Mart{\'i}n and Torgersen, Mads",
  editor    = "Jones, Richard",
  title     = "Understanding {T}ype{S}cript",
  booktitle = "Lecture Notes in Computer Science",
  year      = "2014",
  publisher = "Springer",
  address   = "Berlin, Heidelberg",
  pages     = "257--281",
  doi       = "10.1007/978-3-662-44202-9_11"
}

@InProceedings{softtyping, 
  author    = "Cartwright, Robert and Fagan, Mike",
  title     = "Soft Typing",
  booktitle = "Conference on Programming Language Design and Implementation",
  month     = jun,
  year      = "1991",
  pages     = "278--292",
  publisher = "ACM",
  address   = "New York, NY, USA",
  doi       = "10.1145/113445.113469"
}

@misc{flow,
    author = "Facebook",
    title = {\href{https://flow.org/}{Flow}},
    year = "2019",
    url = "https://flow.org",
    note = "[Online; accessed 24-February-2018]"
}

@misc{closure,
    author = "Google",
    title = {\href{https://developers.google.com/closure/compiler}{Google Closure Compiler}},
    year = "2019",
    note = "[Online; accessed 26-February-2018]"
}

@misc{definitelytyped,
  author    = "{D}efinitely{T}yped",
  title     = "{D}efinitely{T}yped",
  year      = "2019",
  url       = "https://github.com/DefinitelyTyped/DefinitelyTyped"
}


@misc{typescript,
  author    = "Microsoft",
  title     = "{T}ype{S}cript",
  year      = "2019",
  url       = "https://github.com/microsoft/TypeScript",
}

@misc{dtsgen,
  author    = "Microsoft",
  title     = "dts-gen: A {T}ype{S}cript Definition File Generator",
  year      = "2017",
  url       = "https://github.com/Microsoft/dts-gen"
}


@misc{typescriptdts,
    author = "{T}ype{S}cript",
    title = "Default Declaration File for {T}ype{S}cript",
    year = "2019",
    note = {\href{https://github.com/Microsoft/TypeScript/blob/master/lib/lib.d.ts
    }}
}

@misc{jsdoc,
    author = "JSDoc3",
    title = "JSDoc",
    year = "2019",
    note = {\href{https://devdocs.io/jsdoc/}{https://devdocs.io/jsdoc/}}
}

@misc{github,
    author = "GitHub",
    title = "GitHub",
    year = "2019",
    note = {\href{https://github.com/}{https://github.com/}}
} 

@misc{gitlab,
    author = "GitLab",
    title = "GitLab",
    year = "2019",
    url = "https://github.com/",
    note = {\href{https://gitlab.com/}{https://gitlab.com/}}
} 

@misc{mypy,
    author = "The-Mypy-Project",
    title = "Mypy Lang",
    year = "2014",
    url = "http://mypy-lang.org/",
    note = {\href{http://mypy-lang.org/}{http://mypy-lang.org/}}
}

@misc{rubycop,
    author = "Bozhidar Bastov",
    title = "Rubycop",
    year = "2018",
    note = {\href{https://github.com/bbatsov/rubocop/}{https://github.com/bbatsov/rubocop/}}
}

@misc{rubystyle,
    author = "Bozhidar Bastov",
    title = "Ruby Style Guide",
    year = "2018",
    note = {\href{https://github.com/bbatsov/ruby-style-guide/}{https://github.com/bbatsov/ruby-style-guide/}}
} 

@misc{learningbigcode,
    author = "Big-Code",
    title = "Learning from Big Code",
    year = "2017",
    url = "http://learnbigcode.github.io/challenges/",
    note = {\href{http://learnbigcode.github.io/challenges/}{http://learnbigcode.github.io/challenges/}}
}

@misc{evaltypetexthints,
    author = {Shirani, Amirreza and López-Monroy, Adrián and Gonzalez, Fabio and Solorio, Thamar and Alipour, Mohammad},
    year = {2018},
    title = {Evaluating Type Prediction with Textual Hints},
    note = {\href{https://www.researchgate.net/publication/323627561_Evaluating_Type_Prediction_with_Textual_Hints}{https://www.researchgate.net/publication/323627561_Evaluating_Type_Prediction_with_Textual_Hints}}
}

@online{threepillars,
  author = {Gottschlich, Justin and {Solar-Lezama}, Armando and Tatbul, Nesime and Carbin, Michael and Rinard, Martin and Barzilay, Regina and Amarasinghe, Saman and Tenenbaum, Joshua~B. and Mattson, Tim},
  title = "{The Three Pillars of Machine-Based Programming}",
  year = "2018",
  archivePrefix = "arXiv",
  eprint    = "1803.07244",
  primaryClass = ""
}

@article{vechev16,
    author = {Vechev, Martin and Yahav, Eran},
    title = {Programming with ``Big Code''},
    journal = {Foundations and Trends in Programming Languages},
    year = {2016},
    volume = {3},
    number = {4},
    pages = {231-284},
    doi = {10.1561/2500000028}
}

@article{brockschmidt15,
author = {Brockschmidt,Marc and Chen, Yuxin and Cook, Byron and Kohli, Pushmeet and Tarlow, Daniel and Zhu, He},
title = {Learning to Decipher the Heap for Program Verification},
journal = {Workshop on Constructive Machine Learning at ICML 2015.},
year = {2015},
note = {\href{http://www.cs.toronto.edu/~dtarlow/papers/brockschmidt15heap.pdf}{http://www.cs.toronto.edu/~dtarlow/papers/brockschmidt15heap.pdf}}
}

@inproceedings{hindle12,
    author = {Hindle, Abram and Barr, Earl T. and Su, Zhendong and Gabel, Mark and Devanbu, Premkumar},
    title = {On the Naturalness of Software},
    booktitle = {International Conference on Software Engineering (ICSE)},
    year = {2012},
    month = jun,
    pages = {837--847},
    publisher = {IEEE},
    address = {Piscataway, NJ, USA},
    doi={10.1109/ICSE.2012.6227135}
} 


@inproceedings{maddison14,
  author        = "Chris J. Maddison and Daniel Tarlow",
	booktitle     = "{Proceedings of the 31st International Conference on Machine Learning, Cycle 2}",
	ee            = "http://jmlr.org/proceedings/papers/v32/maddison14.html",
    note 		  = {\href{http://jmlr.org/proceedings/papers/v32/maddison14.html} {http://jmlr.org/proceedings/papers/v32/maddison14.html}},
	pages         = "649--657",
	publisher     = "{JMLR.org}",
	series        = "{JMLR Proceedings}",
	title         = "{Structured Generative Models of Natural Source Code}",
	volume        = 32,
	year          = 2014,
}

@inproceedings{allamanis14a,
 author = {Allamanis, Miltiadis and Sutton, Charles},
 title = {Mining Idioms from Source Code},
 booktitle = {Proceedings of the 22Nd ACM SIGSOFT International Symposium on Foundations of Software Engineering},
 series = {FSE 2014},
 year = {2014},
 isbn = {978-1-4503-3056-5},
 location = {Hong Kong, China},
 pages = {472--483},
 numpages = {12},
 url = {http://doi.acm.org/10.1145/2635868.2635901},
 note = {\href{http://doi.acm.org/10.1145/2635868.2635901/}{http://doi.acm.org/10.1145/2635868.2635901/}},
 doi = {10.1145/2635868.2635901},
 acmid = {2635901},
 publisher = {ACM},
 address = {New York, NY, USA},
 keywords = {code idioms, naturalness of source code, syntactic code patterns},
} 

@inproceedings{allamanis14b,
 author = {Allamanis, Miltiadis and Barr, Earl T. and Bird, Christian and Sutton, Charles},
 title = {Learning Natural Coding Conventions},
 booktitle = {Proceedings of the 22Nd ACM SIGSOFT International Symposium on Foundations of Software Engineering},
 series = {FSE 2014},
 year = {2014},
 isbn = {978-1-4503-3056-5},
 location = {Hong Kong, China},
 pages = {281--293},
 numpages = {13},
 url = {http://doi.acm.org/10.1145/2635868.2635883},
 doi = {10.1145/2635868.2635883},
 acmid = {2635883},
 publisher = {ACM},
 address = {New York, NY, USA}
} 

@inproceedings{allamanis15a,
 author = {Allamanis, Miltiadis and Barr, Earl T. and Bird, Christian and Sutton, Charles},
 title = {Suggesting Accurate Method and Class Names},
 booktitle = {Proceedings of the 2015 10th Joint Meeting on Foundations of Software Engineering},
 series = {ESEC/FSE 2015},
 year = {2015},
 isbn = {978-1-4503-3675-8},
 location = {Bergamo, Italy},
 pages = {38--49},
 numpages = {12},
 url = {http://doi.acm.org/10.1145/2786805.2786849},
 doi = {10.1145/2786805.2786849},
 acmid = {2786849},
 publisher = {ACM},
 address = {New York, NY, USA},
 keywords = {Coding conventions, naturalness of software},
 note = {\href{http://doi.acm.org/10.1145/2786805.2786849}{http://doi.acm.org/10.1145/2786805.2786849}}
} 

@inproceedings{allamanis15b,
  author    = {Miltiadis Allamanis and
               Daniel Tarlow and
               Andrew D. Gordon and
               Yi Wei},
  title     = {Bimodal Modelling of Source Code and Natural Language},
  booktitle = {Proceedings of the 32nd International Conference on Machine Learning,
               {ICML} 2015, Lille, France, 6-11 July 2015},
  pages     = {2123--2132},
  year      = {2015},
  url       = {http://jmlr.org/proceedings/papers/v37/allamanis15.html},
  timestamp = {Tue, 12 Jul 2016 21:51:15 +0200},
  biburl    = {http://dblp2.uni-trier.de/rec/bib/conf/icml/AllamanisTGW15},
  bibsource = {dblp computer science bibliography, http://dblp.org},
  note = {\href{http://dblp2.uni-trier.de/rec/bib/conf/icml/AllamanisTGW15/}{http://dblp2.uni-trier.de/rec/bib/conf/icml/AllamanisTGW15/}}
}


@phdthesis{allamanis16,
    title    = {Learning Natural Coding Conventions},
    school   = {University of Edinburgh},
    author   = {Allamanis, Miltos},
    year     = {2016},
    type     = {{PhD} dissertation},
    note = {\href{https://miltos.allamanis.com/publications/2017dissertation/}{https://miltos.allamanis.com/publications/2017dissertation/}}
}

@article{allamanis17,
  author    = "Allamanis, Miltiadis and Barr, Earl T. and Devanbu, Premkumar and Sutton, Charles",
  title     = "A Survey of Machine Learning for Big Code and Naturalness",
  journal   = "ACM Computing Surveys (CSUR)",
  volume    = "51",
  number    = "4",
  month     = jul,
  year      = "2018",
  pages     = "81:1--81:37",
  numpages  = "37",
  doi       = "10.1145/3212695",
  publisher = "ACM",
  address   = "New York, NY, USA"
}

@article{bavishi17,
  title={Context2Name A Deep Learning Based Approach to Infer Natural Variable Names from Usage Contexts},
  author={Bavishi, Rohan and Pradel, Michael and Sen, Koushik},
  year={2017}
}

@inproceedings{gulwani11,
author = {Gulwani, Sumit},
title = {Automating String Processing in Spreadsheets using Input-Output Examples},
year = {2011},
month = {January},
url = {https://www.microsoft.com/en-us/research/publication/automating-string-processing-spreadsheets-using-input-output-examples/},
note ={\href{https://www.microsoft.com/en-us/research/publication/automating-string-processing-spreadsheets-using-input-output-examples/}{https://www.microsoft.com/en-us/research/publication/automating-string-processing-spreadsheets-using-input-output-examples/}}
}

@online{balog16,
  author    = "Balog, Matej and Gaunt, Alexander L. and Brockschmidt, Marc and Nowozin, Sebastian and Tarlow, Daniel",
  title     = "DeepCoder: Learning to Write Programs",
  year      = "2016",
  archivePrefix = "arXiv",
  eprint    = "1611.01989",
  primaryClass = ""
}

@online{graves14,
  author    = "Graves, Alex and Wayne, Greg and Danihelka, Ivo",
  title     = "Neural Turing Machines",
  year      = "2014",
  archivePrefix = "arXiv",
  eprint    = "1410.5401",
  primaryClass = ""
}

@article{cai17,
  author    = {Jonathon Cai and
               Richard Shin and
               Dawn Song},
  title     = {Making Neural Programming Architectures Generalize via Recursion},
  journal   = {CoRR},
  volume    = {abs/1704.06611},
  year      = {2017},
  url       = {http://arxiv.org/abs/1704.06611},
  note      = {\href{http://arxiv.org/abs/1704.06611}{http://arxiv.org/abs/1704.06611}},
  archivePrefix = {arXiv},
  eprint    = {1704.06611},
  timestamp = {Wed, 07 Jun 2017 14:42:49 +0200},
  biburl    = {https://dblp.org/rec/bib/journals/corr/CaiSS17},
  bibsource = {dblp computer science bibliography, https://dblp.org}
}

@article{feldthaus14,
 author = {Feldthaus, Asger and M{\o}ller, Anders},
 title = {Checking Correctness of TypeScript Interfaces for JavaScript Libraries},
 journal = {SIGPLAN Not.},
 issue_date = {October 2014},
 volume = {49},
 number = {10},
 month = oct,
 year = {2014},
 issn = {0362-1340},
 pages = {1--16},
 numpages = {16},
 url = {http://doi.acm.org/10.1145/2714064.2660215},
 note = {\href{http://doi.acm.org/10.1145/2714064.2660215}{http://doi.acm.org/10.1145/2714064.2660215}},
 doi = {10.1145/2714064.2660215},
 acmid = {2660215},
 publisher = {ACM},
 address = {New York, NY, USA},
 keywords = {program analysis, type checking},
} 

@article{kristensen17,
  author    = "Kristensen, Erik Krogh and M{\o}ller, Anders",
  title     = "Type Test Scripts for TypeScript Testing",
  journal   = "ACM on Programming Languages",
  volume    = "1",
  number    = "OOPSLA",
  month     = oct,
  year      = "2017",
  pages     = "90:1--90:25",
  publisher = "ACM",
  address   = "New York, NY, USA",
  doi       = "10.1145/3133914"
} 

@InProceedings{ling15,
  author    = "Ling, Wang and Dyer, Chris and Black, Alan W. and Trancoso, Isabel and Fermandez, Ram{\'o}n and Amir, Silvio and Marujo, Lu{\'\i}s and Lu{\'\i}s, Tiago",
  title = "Finding Function in Form: Compositional Character Models for Open Vocabulary Word Representation",
  booktitle = "Conference on Empirical Methods in Natural Language Processing",
  month     = sep,
  year      = "2015",
  address   = "Lisbon, Portugal",
  publisher = "Association for Computational Linguistics",
  pages     = "1520--1530",
  doi       = "10.18653/v1/D15-1176"
}

@article{graves05,
  title={Framewise phoneme classification with bidirectional 
		LSTM and other neural network architectures},
  author={Graves, Alex and Schmidhuber, J{\"u}rgen},
  journal={Neural Networks},
  volume={18},
  number={5-6},
  pages={602--610},
  year={2005},
  publisher={Elsevier},
  note={\href{ftp://ftp.idsia.ch/pub/juergen/nn_2005.pdf}
       {ftp://ftp.idsia.ch/pub/juergen/nn_2005.pdf}}
}

@InProceedings{rocktaschel15,
  title     = "Injecting Logical Background Knowledge into Embeddings for Relation Extraction",
  author    = {Rockt{\"a}schel, Tim and Singh, Sameer and Riedel, Sebastian},
  booktitle = {Conference of the North American Chapter of the Association for Computational Linguistics: Human Language Technologies},
  pages     = "1119--1129",
  year      = "2015",
  month     = may,
  publisher = "Association for Computational Linguistics",
  address   = "Denver, Colorado",
  doi       = "10.3115/v1/N15-1118"
}

@article{williams17,
  author =	{Jack Williams and J. Garrett Morris and Philip Wadler and Jakub Zalewski},
  title =	{{Mixed Messages: Measuring Conformance and Non-Interference in TypeScript (Artifact)}},
  pages =	{8:1--8:2},
  journal =	{Dagstuhl Artifacts Series},
  ISSN =	{2509-8195},
  year =	{2017},
  volume =	{3},
  number =	{2},
  publisher =	{Schloss Dagstuhl--Leibniz-Zentrum fuer Informatik},
  address =	{Dagstuhl, Germany},
  URL =		{http://drops.dagstuhl.de/opus/volltexte/2017/7289},
  URN =		{urn:nbn:de:0030-drops-72899},
  doi =		{10.4230/DARTS.3.2.8},
  annote =	{Keywords: gradual typing, TypeScript, JavaScript, proxies}
}

@article{williams18,
  author    = "Williams, Jack and Morris, J. Garrett and Wadler, Philip",
  title     = "The Root Cause of Blame: Contracts for Intersection and Union Types",
  journal   = "ACM on Programming Languages",
  volume    = "2",
  number    = "OOPSLA",
  month     = oct,
  year      = "2018",
  pages     = "134:1--134:29",
  publisher = "ACM",
  address   = "New York, NY, USA",
  doi       = "10.1145/3276504"
}

@book{russel16,
  series    = "Prentice Hall series in Artificial Intelligence",
  publisher = "Pearson",
  isbn      = "9781292153964",
  year      = "2016",
  title     = "Artificial Intelligence: A Modern Approach",
  edition   = "third",
  address   = "Harlow, Essex, England",
  author    = "Russell, Stuart and Norvig, Peter",
  url       = "http://aima.cs.berkeley.edu"
}



@article{selsam18,
    author = {Daniel Selsam and Matthew Lamm and Benedikt B{\"{u}}nz and Percy Liang and Leonardo de Moura and David L. Dill},
    title = {Learning a {SAT} Solver from Single-Bit Supervision},
    year = {2018},
    month = mar,
    archivePrefix = {arXiv},
    eprint    = {1802.03685}
}


@online{wang19,
    author = {Wang, Po-Wei and Donti, Priya L. and Wilder, Bryan and Kolter, Zico},
    title = "{SATNet: Bridging deep learning and logical reasoning using a differentiable satisfiability solver}",
    year = "2019",
    month = may,
    archivePrefix = {arXiv},
    eprint    = {1905.12149}
}



@article{lykouris18,
  author    = {Thodoris Lykouris and
               Sergei Vassilvitskii},
  title     = {Competitive caching with machine learned advice},
  journal   = {CoRR},
  volume    = {abs/1802.05399},
  year      = {2018},
  archivePrefix = {arXiv},
  eprint    = {1802.05399}
}


@article{carbune18,
  author    = {Victor Carbune and
               Thierry Coppey and
               Alexander N. Daryin and
               Thomas Deselaers and
               Nikhil Sarda and
               Jay Yagnik},
  title     = {Predicted Variables in Programming},
  journal   = {CoRR},
  volume    = {abs/1810.00619},
  year      = {2018},
  archivePrefix = {arXiv},
  eprint    = {1810.00619}
}


@inproceedings{ore18,
 author = {Ore, John-Paul and Elbaum, Sebastian and Detweiler, Carrick and Karkazis, Lambros},
 title = {Assessing the Type Annotation Burden},
 booktitle = {International Conference on Automated Software Engineering},
 series = {ASE 2018},
 year = {2018},
 isbn = {978-1-4503-5937-5},
 location = {Montpellier, France},
 pages = {190--201},
 numpages = {12},
 doi = {10.1145/3238147.3238173},
 acmid = {3238173},
 publisher = {ACM}
} 


@inproceedings{meyerovich12,
  title={Socio-PLT: Principles for programming language adoption},
  author={Meyerovich, Leo A and Rabkin, Ariel S},
  booktitle={International Symposium on New ideas, New Paradigms, and Reflections on Programming and Software},
  pages={39--54},
  year={2012},
  publisher={ACM},
  address = {New York, NY, USA}
}


@article{hanenberg14,
	title = {An empirical study on the impact of static typing on software maintainability},
	volume = {19},
	issn = {1573-7616},
	doi = {10.1007/s10664-013-9289-1},
	language = {en},
	number = {5},
	journal = {Empirical Software Engineering},
	author = {Hanenberg, Stefan and Kleinschmager, Sebastian and Robbes, Romain and Tanter, Éric and Stefik, Andreas},
	month = oct,
	year = {2014},
	pages = {1335--1382}
}


@inproceedings{gao17,
 author = {Gao, Zheng and Bird, Christian and Barr, Earl T.},
 title = {To Type or Not to Type: Quantifying Detectable Bugs in JavaScript},
 booktitle = {International Conference on Software Engineering},
 series = {ICSE '17},
 year = {2017},
 isbn = {978-1-5386-3868-2},
 pages = {758--769},
 numpages = {12},
 doi = {10.1109/ICSE.2017.75},
 acmid = {3097459},
 publisher = {IEEE},
 address = {Piscataway, NJ, USA}
}


@inproceedings{white2015,
  author={Martin White and Christopher Vendome and Mario Linares-Vasquez and Denys Poshyvanyk},
  booktitle={Working Conference on Mining Software Repositories},
  title={Toward Deep Learning Software Repositories},
  month=may,
  year={2015},
  pages={334--345},
  publisher={IEEE},
  address = {Piscataway, NJ, USA},
  doi={10.1109/MSR.2015.38}
}


@online{melis17,
  author = {Melis, G{\'a}bor and Dyer, Chris and Blunsom, Phil},
  title = "{On the State of the Art of Evaluation in Neural Language Models}",
  year = "2017",
  month = jul,
  archivePrefix = "arXiv",
  eprint    = "1707.05589",
  primaryClass = ""
}


@article{hochreiter97,
  author = {Hochreiter, Sepp and Schmidhuber, J{\"u}rgen},
  title = {Long Short-Term Memory},
  journal = {Neural Computation},
  volume = {9},
  number = {8},
  pages = {1735--1780},
  year = {1997},
  doi = {10.1162/neco.1997.9.8.1735}
}


@book{goodfellow16,
  title={Deep Learning},
  author={Ian Goodfellow and Yoshua Bengio and Aaron Courville},
  publisher={MIT Press},
  address={Cambridge, MA, USA},
  url = {http://www.deeplearningbook.org},
  year={2016}
}


@online{dam16,
  author = "{Khanh Dam}, Hoa and Tran, Truyen and Pham, Trang",
  title = "A Deep Language Model for Software Code",
  year = "2016",
  month = aug,
  archivePrefix = "arXiv",
  eprint    = "1608.02715",
  primaryClass = ""
}

@inproceedings{chibotaru19,
    title = {Scalable taint specification inference with big code},
    author = {Chibotaru, Victor and Bichsel, Benjamin and Raychev, Veselin and Vechev, Martin}, 
    booktitle = {ACM SIGPLAN Conference on Programming Language Design and Implementation},
    year = {2019},
    pages = {760--774},
    publisher = {ACM},
    address = {New York, NY, USA},
    doi = {10.1145/3314221.3314648}
}

@article{raghothaman19,
  author    = {Xujie Si and
               Mukund Raghothaman and
               Kihong Heo and
               Mayur Naik},
  title     = {Synthesizing Datalog Programs Using Numerical Relaxation},
  journal   = {CoRR},
  volume    = {abs/1906.00163},
  year      = {2019},
  archivePrefix = {arXiv},
  eprint    = {1906.00163}
}

@online{siek06,
    author = {Jeremy G. Siek and Walid Taha},
    title = {Gradual Typing for Functional Languages. Scheme and Functional Programming Workshop},
    year = {2006},
    url = {http://www.schemeworkshop.org/2006/13-siek.pdf}
}

@inproceedings{dash18,
author = {Dash, Santanu and Allamanis, Miltiadis and Barr, Earl},
year = {2018},
month = {08},
pages = {},
title = {RefiNym: Using Names to Refine Types},
doi = {10.1145/3236024.3236042}
}

@article{rmsprop,
author = {N. Dauphin, Yann and Vries, Harm and Chung, Junyoung and Bengio, Y},
year = {2015},
month = {02},
pages = {},
title = {RMSProp and equilibrated adaptive learning rates for non-convex optimization},
volume = {35},
journal = {arXiv}
}


@incollection{aggarwal12,
	address = {Boston, MA},
	title = {A {Survey} of {Text} {Classification} {Algorithms}},
	isbn = {978-1-4614-3223-4},
	booktitle = {Mining {Text} {Data}},
	publisher = {Springer US},
	author = {Aggarwal, Charu C. and Zhai, ChengXiang},
	editor = {Aggarwal, Charu C. and Zhai, ChengXiang},
	year = {2012},
	doi = {10.1007/978-1-4614-3223-4_6},
	pages = {163--222}
}

@inproceedings{sundermeyer2012,
  author    = {Martin Sundermeyer and
               Ralf Schl{\"{u}}ter and
               Hermann Ney},
  title     = {{LSTM} Neural Networks for Language Modeling},
  booktitle = {{INTERSPEECH} 2012, 13th Annual Conference of the International Speech
               Communication Association, Portland, Oregon, USA, September 9-13,
               2012},
  pages     = {194--197},
  publisher = {{ISCA}},
  year      = {2012},
  url       = {http://www.isca-speech.org/archive/interspeech\_2012/i12\_0194.html},
  timestamp = {Mon, 16 Mar 2015 16:59:59 +0100},
  biburl    = {https://dblp.org/rec/bib/conf/interspeech/SundermeyerSN12},
  bibsource = {dblp computer science bibliography, https://dblp.org}
}

@book{hajek1998,
    author = "H{\'a}jek, Petr",
    title = "Metamathematics of Fuzzy Logic",
    publisher = "Springer Netherlands",
    address = "Dordrecht",
    year = "1998",
    doi = "10.1007/978-94-011-5300-3"
}

@online{kingma2014,
  author = "Kingma, Diederik P. and Ba, Jimmy",
  title = "Adam: A Method for Stochastic Optimization",
  year = "2014",
  archivePrefix = "arXiv",
  eprint = "1412.6980",
  primaryClass = ""
}

@article{duchi2011,
 author = {Duchi, John and Hazan, Elad and Singer, Yoram},
 title = {Adaptive Subgradient Methods for Online Learning and Stochastic Optimization},
 journal = {Journal of Machine Learning Research},
 volume = {12},
 month = jul,
 year = {2011},
 pages = {2121--2159},
 url = {http://www.jmlr.org/papers/v12/duchi11a.html}
} 

@online{ruder2016,
  author = "Ruder, Sebastian",
  title = "An overview of gradient descent optimization algorithms",
  year = "2016",
  archivePrefix = "arXiv",
  eprint = "1609.04747",
  primaryClass = ""
}

@online{tieleman2014,
  author = "Tieleman, Tijmen and Hinton, Geoffrey",
  title = "\textsc{RMSprop}: Divide the gradient by a running average of its recent magnitude",
  year = "2014",
  url = "http://www.cs.toronto.edu/~tijmen/csc321/slides/lecture_slides_lec6.pdf"
}

@online{paszke2017,
  title = {Automatic differentiation in PyTorch},
  author = {Paszke, Adam and Gross, Sam and Chintala, Soumith and Chanan, Gregory and Yang, Edward and DeVito, Zachary and Lin, Zeming and Desmaison, Alban and Antiga, Luca and Lerer, Adam},
  year = {2017},
  url = {https://pdfs.semanticscholar.org/b36a/5bb1707bb9c70025294b3a310138aae8327a.pdf}
}


@article{brier50,
author = {BRIER, GLENN W.},
title = {VERIFICATION OF FORECASTS EXPRESSED IN TERMS OF PROBABILITY},
journal = {Monthly Weather Review},
volume = {78},
number = {1},
pages = {1-3},
year = {1950},
doi = {10.1175/1520-0493(1950)078<0001:VOFEIT>2.0.CO;2}
}


@article{good52,
author = {Good, I. J.},
title = {Rational Decisions},
journal = {Journal of the Royal Statistical Society: Series B (Methodological)},
volume = {14},
number = {1},
pages = {107-114},
doi = {10.1111/j.2517-6161.1952.tb00104.x},
url = {https://rss.onlinelibrary.wiley.com/doi/abs/10.1111/j.2517-6161.1952.tb00104.x},
eprint = {https://rss.onlinelibrary.wiley.com/doi/pdf/10.1111/j.2517-6161.1952.tb00104.x},
year = {1952}
}

@article{gneiting07,
author = {Tilmann Gneiting and Adrian E Raftery},
title = {Strictly Proper Scoring Rules, Prediction, and Estimation},
journal = {Journal of the American Statistical Association},
volume = {102},
number = {477},
pages = {359-378},
year  = {2007},
publisher = {Taylor & Francis},
doi = {10.1198/016214506000001437},
URL = {https://doi.org/10.1198/016214506000001437},
eprint = {https://doi.org/10.1198/016214506000001437}
}

@inproceedings{bracha2004pluggable,
  title={Pluggable type systems},
  author={Bracha, Gilad},
  booktitle={OOPSLA workshop on revival of dynamic languages},
  volume={4},
  year={2004}
}

@article{wadler98,
  title={Why No One Uses Functional Languages},
  author={Philip Wadler},
  journal={SIGPLAN Notices},
  year={1998},
  volume={33},
  pages={23-27}
}